%% This BibTeX bibliography file was created using BibDesk.
%% http://bibdesk.sourceforge.net/


%% Created for Vidhyashree Nagaraju at 2015-02-23 18:31:27 -0500


%% Saved with string encoding Unicode (UTF-8)

@techreport{trSMERFS,
	Address = {Dahlgren, VA},
	Author = {W. Farr and O. Smith},
	Date-Modified = {2015-02-22 06:19:14 +0000},
	Institution = {Naval Surface Warfare Center},
	Number = {NAVSWC TR-84-373, Rev. 2},
	Title = {Statistical modeling and estimation of reliability functions for software ({SMERFS}) users guide},
	Year = {1984}}

@inproceedings{lyu1992casre,
  title={{CASRE}: {A} computer-aided software reliability estimation tool},
  author={M. Lyu and A. Nikora},
  booktitle={IEEE International Workshop on Computer-Aided Software Engineering},
  pages={264-275},
  year={1992},
  organization={}
}

@book{bookElsayed,
	Address = {Hoboken, NJ},
	Author = {E. Elsayed},
	Edition = {2nd},
	Publisher = {Wiley},
	Title = {Reliability Engineering},
	Year = {2012}}



@book{BookHoSRE,
	Address = {New York, NY},
	Editor = {M. Lyu},
	Publisher = {McGraw-Hill},
	Title = {{H}andbook of Software Reliability Engineering},
	Year = {1996}}

@book{bookRoss,
	Address = {New York, NY},
	Author = {S. Ross},
	Edition = {8th},
	File = F,
	Publisher = {Academic Press},
	Title = {{I}ntroduction to Probability Models},
	Year = {2003}}


@book{bookElsayed,
	Address = {Hoboken, NJ},
	Author = {E. Elsayed},
	Edition = {2nd},
	Publisher = {Wiley},
	Title = {Reliability Engineering},
	Year = {2012}}


@book{bookPham2000,
	Address = {New York, NY},
	Author = {H. Pham},
	Publisher = {Springer-Verlag},
	Title = {{S}oftware {R}eliability},
	Year = {2000}}


@article{artTR1986_19,
	Author = {S. Yamada and H. Ohtera and H. Narihisa},
	Journal = {{IEEE} Transactions on Reliability},
	Month = {apr},
	Number = {1},
	Pages = {19-23},
	Title = {{S}oftware Reliability Growth Models with Testing-Effort},
	Volume = {R-35},
	Year = {1986}}

@article{goel1985software,
  title={Software reliability models: Assumptions, limitations, and applicability},
  author={A. Goel},
  journal={IEEE Transactions on Software Engineering},
  number={12},
  pages={1411--1423},
  year={1985},
  publisher={}
}

@book{bookLeemis,
	Address = {Englewood Cliffs, NJ},
	Author = {L. Leemis},
	Publisher = {Prentice-Hall},
	Title = {Reliability: Probabilistic Models and Statistical Methods},
	Year = {1995}}

@book{NationalReport2015,
	Address = {Washington, DC},
	Author = {},
	Edition = {8th},
	Publisher = {The National Academies Press},
	Title = {National Research Council. Reliability Growth: Enhancing Defense System Reliability},
	doi={10.17226/18987},
	Year = {2015}}


@book{bookBurdenAndFaires2004,
	Address = {Belmont, CA},
	Author = {R. Burden and J. Faires},
	Edition = {8th},
	Publisher = {Brooks/Cole},
	Title = {Numerical Analysis},
	Year = {2004}}

@inproceedings{gokhale1998log,
  title={Log-logistic software reliability growth model},
  author={Gokhale, Swapna S and Trivedi, Kishor S},
  booktitle={IEEE International Symposium on  High-Assurance Systems Engineering},
  pages={34--41},
  year={1998},
  organization={}
}

@article{akaike1974new,
  title={A new look at the statistical model identification},
  author={H. Akaike},
  journal={IEEE Transactions on Automatic Control},
  volume={19},
  number={6},
  pages={716--723},
  year={1974},
  publisher={}
}

@inproceedings{fiondella2011software,
  title={Software reliability model with bathtub-shaped fault detection rate},
  author={Fiondella, Lance and Gokhale, Swapna S},
  booktitle={Annual Reliability and Maintainability Symposium},
  pages={1--6},
  year={2011},
  organization={}
}

@article{gaudoin1992optimal,
  title={Optimal properties of the Laplace trend test for soft-reliability models},
  author={Gaudoin, Olivier},
  journal={IEEE Transactions on Reliability},
  volume={41},
  number={4},
  pages={525--532},
  year={1992},
  publisher={}
}

@INPROCEEDINGS{inProcISSRE2013_100,
author={Okamura, H. and Dohi, T.},
booktitle={International Symposium on Software Reliability Engineering},
title={{SRATS}: Software reliability assessment tool on spreadsheet (Experience report)},
year={2013},
pages={100-107},
doi={10.1109/ISSRE.2013.6698909},
month={Nov},}

@ARTICLE{artNHPPsurvey,
  AUTHOR =       {S. Yamada and S. Osaki},
  TITLE =        {Reliability Growth Models for Hardware and Software Systems Based on Nonhomogeneous Poisson Process: A Survey},
  JOURNAL =      {Microelectronics and Reliability},
  YEAR =         {1983},
  volume =       {23},
  number =       {1},
  pages =        {91-112},
  month =        {},
}



@ieeetranbstctl{BSTcontrol,
	Ctlalt_Stretch_Factor = {4},
	Ctldash_Repeated_Names = {yes},
	Ctlmax_Names_Forced_Etal = {10},
	Ctlname_Format_String = {{f.~}{vv~}{ll}{, jj}},
	Ctlnames_Show_Etal = {1},
	Ctluse_Alt_Spacing = {yes},
	Ctluse_Article_Number = {yes},
	Ctluse_Forced_Etal = {no},
	Ctluse_Paper = {yes}}
